@misc{b1,
author = {{TOP500 Project}},
title = {{Super Computer TOP500}},
note = {http://www.top500.org/},
key = {top500}
}

@misc{b2,
author = {{Lawrence Livermore National Laboratory}},
title = {{LLNL Sequoia DRAFT STATEMENT OF WORK}},
note = {https://asc.llnl.gov/sequoia/rfp/02\_SequoiaSOW\_V06.doc},
key = {sequoia}
}

@misc{b3,
author = {{The OpenFabrics Alliance}},
title = {{OpenFabrics Alliance}},
note = {https://www.openfabrics.org/},
key = {ofa}
}

@misc{b4,
author = {{Lawrence Livermore National Laboratory}},
title = {{LLNL Sequoia FTQ/FWQ Benchmark Summary}},
note = {https://asc.llnl.gov/sequoia/benchmarks/FTQ\_summary\_v1.1.pdf},
key = {ftq}
}

@misc{b5,
author = {{Open Virtualization Alliance}},
title = {{KVM (Kernel-based Virtual Machine)}},
note = {http://www.linux-kvm.org/},
key = {kvm}
}

@misc{b6,
author = {{Docker, Inc.}},
title = {{Docker}},
note = {https://www.docker.com/},
key = {docker}
}

@misc{b7,
author = {{Canonical Ltd.}},
title = {{Linux Containers}},
note = {https://linuxcontainers.org/},
key = {lxc}
}

