%%%%%%%%%%%%%%%%%%%%%%%%%%%%%%%%%%%%%%%%%%%%%%%%%%
@webpage{PMlib:webpage-public,
	author =	"Kenji Ono",
	title =		"PMlib public download site",
	note =	"available from http://avr-aics-riken.github.io/PMlib/",
	}

@webpage{PMlib:webpage-master,
	author =	"Kenji Ono",
	title =		"PMlib master repository",
	note =	"https://github.com/avr-aics-riken/PMlib/",
	}

@webpage{PMlib:webpage-develop,
	author =	"Kazunori Mikami",
	title =		"PMlib development repository",
	note =	"https://github.com/mikami3heart/PMlib/",
	}

@misc{Extrae:webpage,
	author =	"Barcelona Supercomputing Center",
	title =		"BSC Performance Tools",
	note =	"available from https://tools.bsc.es/",
	}
%	author =	"",
%	organization =	"Barcelona Supercomputing Center",

@misc{Scalasca:2017,
	author =	"Jülich Supercomputing Centre",
	title =		"Scalasca",
	note =	"available from http://www.scalasca.org/",
	}
%	author =	"",
%	organization =	"Jülich Supercomputing Centre",

@misc{PAPI:5.6,
	author =	"University of Tennessee",
	title =		"PAPI, Performance API",
	note =	"available from http://icl.cs.utk.edu/papi/software/index.html",
	}

@misc{Intel:VTune,
	author =	"Intel Corporation",
	title =		"Intel VTune \textsuperscript{\textregistered} Amplifier",
	note =	" https://software.intel.com/en-us/intel-vtune-amplifier-xe",
	}

@misc{PGI:Profiler,
	author =	"NVIDIA Corporation",
	title =		"PGI profiler",
	note =	" https://www.pgroup.com/products/"
	}

@article{stream:1995,
	author =	"McCalpin, John D.",
	title =		"Memory Bandwidth and Machine Balance in Current
			High Performance Computers",
	journal =	"IEEE Computer Society Technical Committee on Computer
			Architecture (TCCA) Newsletter",
	month =		"December",
	year =		1995}
	}

@article{Scalasca:2010,
	author = {Geimer, Markus; et al. },
	title = {The Scalasca Performance Toolset Architecture},
	journal = {Concurr. Comput. : Pract. Exper.},
	issue_date = {April 2010},
	volume = {22},
	number = {6},
	month = "Apr",
	year = {2010},
	pages = {702--719},
	publisher = {John Wiley and Sons Ltd.},
	} 

@article{Williams:2009,
 author = {Williams, Samuel and Waterman, Andrew and Patterson, David},
 title = {Roofline: An Insightful Visual Performance Model for Multicore Architectures},
 journal = {Commun. ACM},
 issue_date = {April 2009},
 volume = {52},
 number = {4},
 month = apr,
 year = {2009},
 issn = {0001-0782},
 pages = {65--76},
 numpages = {12},
 url = {http://doi.acm.org/10.1145/1498765.1498785},
 doi = {10.1145/1498765.1498785},
 acmid = {1498785},
 publisher = {ACM},
 address = {New York, NY, USA},
} 

%%%%%%%%%%	以下は単なるプレースホルダ。実際には\cite{}していない。	%%%%%%%%%%

