%%%%%%%%%%%%%%%%%%%%%%%%%%%%%%%%%%%%%%%%%%%%%%%%%%

@webpage{PMlib1:webpage,
	author =	"小野 謙二、他",
	title =		"PMlib公開Webページ",
	note =	"available from https://github.com/avr-aics-riken/PMlib/",
	}

@misc{PMlib2:webpage,
	author =	"小野 謙二、他",
	title =		"PMlib開発リポジトリ",
	note =	"available from http://avr-aics-riken.github.io/PMlib/",
	}

@misc{Extrae:webpage,
	author =	"Barcelona Supercomputing Center",
	title =		"BSC Performance Tools",
	note =	"available from https://tools.bsc.es/",
	}
%	author =	"",
%	organization =	"Barcelona Supercomputing Center",

@misc{Scalasca:2017,
	author =	"Jülich Supercomputing Centre",
	title =		"Scalasca",
	note =	"available from http://www.scalasca.org/",
	}
%	author =	"",
%	organization =	"Jülich Supercomputing Centre",

@misc{PAPI:5.6,
	author =	"University of Tennessee",
	title =		"PAPI, Performance API",
	note =	"available from http://icl.cs.utk.edu/papi/software/index.html",
	}

@misc{Intel:VTune,
	author =	"Intel Corporation",
	title =		"Intel VTune \textsuperscript{\textregistered} Amplifier",
	note =	" https://software.intel.com/en-us/intel-vtune-amplifier-xe",
	}

@misc{PGI:Profiler,
	author =	"NVIDIA Corporation",
	title =		"PGI profiler",
	note =	" https://www.pgroup.com/products/"
	}

@article{stream:1995,
	author =	"McCalpin, John D.",
	title =		"Memory Bandwidth and Machine Balance in Current
			High Performance Computers",
	journal =	"IEEE Computer Society Technical Committee on Computer
			Architecture (TCCA) Newsletter",
	month =		"December",
	year =		1995}
	}

@article{Scalasca:2010,
	author = {Geimer, Markus; et al. },
	title = {The Scalasca Performance Toolset Architecture},
	journal = {Concurr. Comput. : Pract. Exper.},
	issue_date = {April 2010},
	volume = {22},
	number = {6},
	month = "Apr",
	year = {2010},
	pages = {702--719},
	publisher = {John Wiley and Sons Ltd.},
	} 


%%%%%%%%%%	以下は単なるプレースホルダ。実際には\cite{}していない。	%%%%%%%%%%

@inproceedings{inproceedings123,
	author =	"Baraff, D",
	title =		"Curved Surfaces and Coherence for Non-penetrating
			 Rigid Body Simulation",
	booktitle =	"SIGGRAPH '90 Proceedings",
	pages =		"19--28",
	editor =	"Beach, R. J.",
	address =	"Dallas, Texas",
	organization =	"ACM",
	publisher =	"Addison-Wesley",
	year =		1990}

@article{article123,
	author =	"桜井 貴文",
	yomi =		"Sakurai, Takafumi",
	title =		"直観主義論理と型理論",
	journal =	"情報処理",
	volume =	30,
	number =	6,
	pages =		"626--634",
	year =		1989}
@inbook{inbook123,
	author =	"Knuth, D. E.",
	title =		"Fundamental Algorithms",
	series =	"Art of Computer Programming",
	volume =	1,
	chapter =	2,
	pages =		"371--381",
	publisher =	"Addison-Wesley",
	address =	"Reading, Massachusetts",
	edition =	"2nd",
	year =		1973}
@book{latex123,
	author =	"Leslie Lamport",
	title =		"A Document Preparation System {\LaTeX} User's Guide
			 \& Reference Manual",
	publisher = 	"Addison Wesley",
	address = 	"Reading, Massachusetts",
	year =		1986,
	note =		"（Cooke, E., et al.訳：文書処理システム {\LaTeX}，" #
			"アスキー出版局 (1990)）"}

@manual{manual123,
	organization =	"Adobe Systems Inc.",
	title =		"PostScript Language Reference Manual",
	publisher =	"Addison-Wesley",
	address =	"Reading, Massachusetts",
	year =		1985}

@misc{misc123,
	author =	"斉藤 康己 and 中島 浩",
	title =		"{{\tt ipsjpapers.sty}}",
	note =		"（情報処理学会論文誌用スタイルファイル，" #
			"論文著者に配布）",
	year =		1995}

@techreport{techreport123,
	author =	"Ihsakat Aredon",
	title =		"{\TeX} 独稽古",
	type =		"Seminar on Mathematical Sciences",
	number =	13,
	institution =	"Department of Mathematics, Keio University",
	address =	"Yokohama",
	year =		1989}
