%%%%%%%%%%%%%%%%%%%%%%%%%%%%%%%%%%%%%%%%%%%%%%%%%%
@webpage{tapp-performance:webpage-public,
	author =	"FS2020",
	title =		"target applications performance site",
	note =	"https://postk-web.r-ccs.riken.jp/perf.html",
	}
